@Book{tietze,
  author           = {Tietze, Ulrich and Schenk, Christoph and Gamm, Eberhard},
  date             = {2019-07-05},
  title            = {Halbleiter-Schaltungstechnik},
  isbn             = {3662485532},
  publisher        = {Springer-Verlag GmbH},
  url              = {https://www.ebook.de/de/product/37063433/ulrich_tietze_christoph_schenk_eberhard_gamm_halbleiter_schaltungstechnik.html},
  creationdate     = {2022-04-13T22:27:38},
  ean              = {9783662485538},
  modificationdate = {2022-04-13T22:33:29},
  year             = {2019},
}

@Book{kuchling,
  author           = {Kuchling, Horst},
  date             = {2014-10-08},
  title            = {Taschenbuch der Physik},
  isbn             = {978-3446442184},
  pagetotal        = {711},
  publisher        = {Hanser Fachbuchverlag},
  url              = {https://www.ebook.de/de/product/23173597/horst_kuchling_taschenbuch_der_physik.html},
  creationdate     = {2022-04-13T22:29:38},
  ean              = {9783446442184},
  modificationdate = {2022-04-13T22:33:37},
  year             = {2014},
}

@Book{demex2,
  author           = {Demtröder, Wolfgang},
  date             = {2014-07-08},
  title            = {Experimentalphysik 2},
  isbn             = {978-3-642-29944-5},
  pagetotal        = {482},
  publisher        = {Springer-Verlag GmbH},
  url              = {https://www.ebook.de/de/product/22876029/wolfgang_demtroeder_experimentalphysik_2.html},
  creationdate     = {2022-04-13T22:32:00},
  ean              = {9783642299445},
  modificationdate = {2022-04-13T22:33:49},
  year             = {2014},
}

@Manual{fluke175,
  date             = {2003},
  title            = {Users Manual},
  language         = {en},
  organization     = {Fluke Corporation},
  subtitle         = {175, 177, 179 True-rms Multimeters},
  url              = {https://dam-assets.fluke.com/s3fs-public/175_____umeng0200.pdf},
  urldate          = {2022-04-24},
  creationdate     = {2022-04-24T18:01:39},
  modificationdate = {2022-04-24T20:16:42},
}

@Manual{uA741,
  date             = {2018},
  title            = {µA741 General-Purpose Operational Amplifiers},
  language         = {en},
  organization     = {Fluke Corporation},
  url              = {https://www.ti.com/lit/ds/symlink/ua741.pdf},
  urldate          = {2022-05-11},
  creationdate     = {2022-05-11T10:19:19},
  modificationdate = {2022-05-11T10:21:10},
}

@Manual{funktionsgenerator,
  date             = {2010},
  title            = {HT FG250D Function generator to 250 kHz},
  language         = {en},
  organization     = {Fluke Corporation},
  url              = {https://cdn-reichelt.de/documents/datenblatt/D100/HT_FG250D_MANUAL_DE.pdf},
  urldate          = {2022-05-11},
  creationdate     = {2022-05-11T10:24:35},
  modificationdate = {2022-05-11T10:30:22},
}

@Manual{oszilloscope,
  date             = {2005},
  title            = {Digital Storage Oscilloscopes},
  language         = {en},
  organization     = {Fluke Corporation},
  subtitle         = {TDS1000 Series • TDS2000 Series},
  url              = {https://download.tek.com/datasheet/3GW_15314_6.pdf},
  urldate          = {2022-05-11},
  creationdate     = {2022-05-11T10:27:43},
  modificationdate = {2022-05-11T10:30:20},
}

@Manual{74LS27,
  date             = {1988},
  title            = {Triple 3-Input Positive-NOR Gates datasheet 74LS27},
  language         = {en},
  url              = {https://www.ti.com/lit/ds/symlink/sn54ls27.pdf},
  urldate          = {2022-05-22},
  creationdate     = {2022-05-22T12:14:15},
  modificationdate = {2022-05-22T12:25:38},
}

@Manual{74LS02,
  date             = {2000},
  title            = {DM74LS02 Quad 2-Input NOR Gate},
  language         = {en},
  url              = {https://www.futurlec.com/74LS/74LS02.shtml},
  urldate          = {2022-05-22},
  creationdate     = {2022-05-22T12:14:23},
  modificationdate = {2022-05-22T12:21:34},
}

@Manual{ZVN2106A,
  date             = {1994},
  title            = {N-CHANNEL ENHANCEMENTMODE VERTICAL DMOS FET ZVN2106A},
  language         = {en},
  url              = {https://www.diodes.com/assets/Datasheets/ZVN2106A.pdf},
  urldate          = {2022-05-22},
  creationdate     = {2022-05-22T12:14:24},
  modificationdate = {2022-05-22T12:18:43},
}

@Manual{ZVP2106A,
  date             = {1994},
  title            = {P-CHANNEL ENHANCEMENTMODE VERTICAL DMOS FET ZVP2106A},
  language         = {en},
  url              = {https://www.diodes.com/assets/Datasheets/ZVP2106A.pdf},
  urldate          = {2022-05-22},
  creationdate     = {2022-05-22T12:14:24},
  modificationdate = {2022-05-22T12:17:45},
}

@Manual{74LS04,
  date             = {2000},
  title            = {DM74LS04 Hex Inverting Gates},
  language         = {en},
  url              = {https://www.futurlec.com/74LS/74LS04.shtml},
  urldate          = {2022-05-22},
  creationdate     = {2022-05-22T12:14:30},
  modificationdate = {2022-05-22T12:16:28},
}

@Comment{jabref-meta: databaseType:biblatex;}
