@Book{tietze,
  author           = {Tietze, Ulrich and Schenk, Christoph and Gamm, Eberhard},
  date             = {2019-07-05},
  title            = {Halbleiter-Schaltungstechnik},
  isbn             = {3662485532},
  publisher        = {Springer-Verlag GmbH},
  url              = {https://www.ebook.de/de/product/37063433/ulrich_tietze_christoph_schenk_eberhard_gamm_halbleiter_schaltungstechnik.html},
  creationdate     = {2022-04-13T22:27:38},
  ean              = {9783662485538},
  modificationdate = {2022-04-13T22:33:29},
  year             = {2019},
}

@Book{kuchling,
  author           = {Kuchling, Horst},
  date             = {2014-10-08},
  title            = {Taschenbuch der Physik},
  isbn             = {978-3446442184},
  pagetotal        = {711},
  publisher        = {Hanser Fachbuchverlag},
  url              = {https://www.ebook.de/de/product/23173597/horst_kuchling_taschenbuch_der_physik.html},
  creationdate     = {2022-04-13T22:29:38},
  ean              = {9783446442184},
  modificationdate = {2022-04-13T22:33:37},
  year             = {2014},
}

@Book{demex2,
  author           = {Demtr√∂der, Wolfgang},
  date             = {2014-07-08},
  title            = {Experimentalphysik 2},
  isbn             = {978-3-642-29944-5},
  pagetotal        = {482},
  publisher        = {Springer-Verlag GmbH},
  url              = {https://www.ebook.de/de/product/22876029/wolfgang_demtroeder_experimentalphysik_2.html},
  creationdate     = {2022-04-13T22:32:00},
  ean              = {9783642299445},
  modificationdate = {2022-04-13T22:33:49},
  year             = {2014},
}

@Manual{fluke175,
  date             = {2003},
  title            = {Users Manual},
  language         = {en},
  organization     = {Fluke Corporation},
  subtitle         = {175, 177, 179 True-rms Multimeters},
  url              = {https://dam-assets.fluke.com/s3fs-public/175_____umeng0200.pdf},
  urldate          = {2022-04-24},
  creationdate     = {2022-04-24T18:01:39},
  modificationdate = {2022-04-24T20:16:42},
}

@Comment{jabref-meta: databaseType:biblatex;}
