
@misc{schw2002,
	address = {Celle},
	title = {Das europäische {Gravitationszonenkonzept} nach {WELMEC} für eichpflichtige {Waagen}},
	url = {https://www.ptb.de/cms/fileadmin/internet/fachabteilungen/abteilung_1/1.1_masse/1.15/gravzonen.pdf},
	language = {Deutsch},
	publisher = {Physikalisch-Technische Bundesanstalt, Braunschweig},
	author = {Schwartz, Roman and Lindau, Andreas},
	year = {2002},
	pages = {12},
}

@book{dem1,
	address = {Kaiserslautern, Deutschland},
	edition = {8., Auflage},
	series = {Springer-{Lehrbuch}},
	title = {Experimentalphysik. 1: {Mechanik} und {Wärme}},
	isbn = {9783662548462 783662548479},
	shorttitle = {Experimentalphysik. 1},
	language = {ger},
	publisher = {Springer Spektrum},
	author = {Demtröder, Wolfgang},
	year = {2018},
}

@Booklet{Kluge,
    title        = {Kurzeinführung in die {Fehlerrechnung} für das {Physik-Praktikum}},
    address      = {Unter den Linden 610099 Berlin},
    author       = {Julien Kluge},
    howpublished = {Humboldt-Universitaet zu Berlin},
    month        = dec,
    timestamp = {2021-04-10},
    year         = {2016},
    url          = {http://people.physik.hu-berlin.de/~julien/sub/Kurzeinfuerung - Fehlerrechnung MMA.pdf},
}

@Manual{sci_curve_fit,
    title     = {Documentation \verb|scipy.optimize.curve_fit|},
    timestamp = {2021-04-10},
    url       = {https://docs.scipy.org/doc/scipy/reference/generated/scipy.optimize.curve_fit.html},
}

@Misc{r2notvalid,
    author   = {Jim Frost},
    month    = apr,
    title    = {R-squared {Is} {Not} {Valid} for {Nonlinear} {Regression}},
    year     = {2017},
    abstract = {R-squared is not valid for nonlinear regression. I highlight research that illustrates the consequences of using R-squared in nonlinear regression.},
    journal  = {Statistics By Jim},
    language = {en-US},
    url      = {http://statisticsbyjim.com/regression/r-squared-invalid-nonlinear-regression/},
    urldate  = {2021-04-10},
}

@Misc{ichgpendel,
    author = {Robert Mišković and Maximilian Philipp and Matthias Stark},
    month  = mar,
    title  = {Bestimmung der {Erdbeschleunigung}},
    year   = {2021},
}

@book{kuchling,
	address = {Carl Hanser Verlag München},
	edition = {21.,aktualisierte Auflage},
	title = {Taschenbuch der Physik},
	isbn = {9783446442184},
	shorttitle = {Taschenbuch der Physik},
	language = {ger},
	publisher = {Fachbuchverlag Leipzig, im Carl Hansen Verlag},
	author = {Kuchling, Horst},
	year = {2014},
}

@Booklet{pdf_1,
    title        = {Bestimmung der Oberflächenspannung von Flüssigkeiten},
    address      = {Petersgasse 16, A-8010 Graz},
    author       = {Institut f. Experimentalphysik},
    howpublished = {Technische Universität Graz},
    month        = {feb},
    year         = {2012},
    url =	{https://tc.tugraz.at/main/pluginfile.php/217683/mod_folder/content/0/Oberflaechenspannung_Protokoll.pdf?forcedownload=1},
}

@Manual{video,
    title     = {Videodurchführung des Versuchs},
    timestamp = {2021-05-10},
    url       = {https://tube.tugraz.at/paella/ui/browse.html?series=b8054090-8de8-4d2d-893a-07188136d7c6},
}

@Booklet{knoll,
    title        = {Mechanik und {Wärme} (Mechanics and Heat)},
    address      = {ÖH-Servicecenter der Uni-Graz, Harrachgasse 23, A-8010 Graz},
    author       = {P. Knoll},
    howpublished = {Skriptum zur Vorlesung},
    month        = {sep},
    year         = {2020},
}

@Booklet{pdf_st,
    title        = {Stirlingmotor-{Eichler}.{Kronfeld}.{Sahm}},
    author       = {Eichler.Kronfeld.Sahm},
    timestamp    = {2021-05-12},
    url 	 = {https://tc.tugraz.at/main/pluginfile.php/219267/mod_folder/content/0/Stirlingmotor-Eichler.Kronfeld.Sahm.pdf?forcedownload=1},
}
@Manual{video_st,
    title     = {Videodurchführung des Versuchs \verb|https://tube.tugraz.at/paella/ui/watch.html| \verb|?id=19feb3fc-402e-430f-a0dc-e3f2080fec81|},
    timestamp = {2021-05-12},
    url       = {https://tube.tugraz.at/paella/ui/watch.html?id=19feb3fc-402e-430f-a0dc-e3f2080fec81},
}

@Booklet{abb_motor,
    title        = {{Heißluftmotor }{Gebrauchsanweisung (388 182)} {F.a.}{Leybold}},
    address      = {Leyboldstrße 50354 Hürth},
    author       = {Lehr-und {Didaktiksysteme}},
    timestamp    = {2021-05-12},
    url          = {https://tc.tugraz.at/main/pluginfile.php/219267/mod_folder/content/0/Hei%C3%9Fluftmotor_Betriebsanleitung%20Fa.%20Leybold.pdf?forcedownload=1},
}

@Booklet{pdf_roland,
    title        = {Anleitung zur {Durchführung} der{Praktikumsübung}},
    author       = {Roland Lammegger},
    timestamp    = {2021-05-12},
    url 	 = {https://tc.tugraz.at/main/pluginfile.php/219267/mod_folder/content/0/Anleitung%20zur%20Durchf%C3%BChrung%20der%20Praktikums%C3%BCbung.pdf?forcedownload=1},
    month        = {20.5.},
    year         = {2020},
}
@Booklet{cdf,
    title        = {Zu {Verfügung} gestellte {CDF Daten}},
    author       = {Roland Lammegger},
    timestamp    = {2021-05-12},
    url 	 = {https://tc.tugraz.at/main/pluginfile.php/219267/mod_folder/content/0/Hei%C3%9Fluftmotor5_belastet_langezeit.csv?forcedownload=1,https://tc.tugraz.at/main/pluginfile.php/219267/mod_folder/content/0/Hei%C3%9Fluftmotor8_unbelastet_langezeit_korr-nullpunkt.csv?forcedownload=1},
    month        = {20.5.},
    year         = {2020},
}
@Manual{video_q,
    title     = {Videodurchführung des Versuchs {Quincke} \verb|https://tube.tugraz.at/paella/ui/| \verb|watch.html?id=c4266ee2-737c-45a6-bd6c-d6953ae2f16b|},
    timestamp = {2021-05-14},
    url       = {https://tube.tugraz.at/paella/ui/watch.html?id=c4266ee2-737c-45a6-bd6c-d6953ae2f16b},
}
@Manual{video_k,
    title     = {Videodurchführung des Versuchs {Kundt} \verb|https://tube.tugraz.at/paella/ui/| \verb|watch.html?id=84da0a2f-ceda-42e2-be00-ff7806c6b951|},
    timestamp = {2021-05-14},
    url       = {https://tube.tugraz.at/paella/ui/watch.html?id=84da0a2f-ceda-42e2-be00-ff7806c6b951},
}
@Manual{video_e,
    title     = {Videodurchführung des Versuchs {Resonanzrohr} \verb|https://tube.tugraz.at/paella/ui/| \verb|watch.html?id=697bf1f8-a0b2-4f4c-b3b7-143141121344|},
    timestamp = {2021-05-14},
    url       = {https://tube.tugraz.at/paella/ui/watch.html?id=697bf1f8-a0b2-4f4c-b3b7-143141121344},
}
@Booklet{pdf_qk,
    title        = {Quincke{Kundt} {Protokoll}},
    author       = {Institut für Experimentalphysik Technische Universität Graz},
    url 	 = {https://tc.tugraz.at/main/pluginfile.php/219270/mod_folder/content/0/QuinkeKundt_Protokoll.pdf?forcedownload=1},
    month        = {15.2.},
    year         = {2012},
}
@Booklet{pdf_qkg,
    title        = {Quincke{Kundt} {gesamt}},
    author       = {Institut für Experimentalphysik Technische Universität Graz},
    url 	 = {https://tc.tugraz.at/main/pluginfile.php/219270/mod_folder/content/0/QuinckeKundt_gesamt.pdf?forcedownload=1},
    month        = {15.2.},
    year         = {2012},
}

@Booklet{pdf_el,
    title        = {\verb|Protokoll| \verb|_3abz_| \verb|Elastizitätsmodul_P.pdf|},
    author       = {Institut für Experimentalphysik Technische Universität Graz},
    url 	 = {https://moodle.uni-graz.at/pluginfile.php/1332164/mod_folder/content/0/Protokoll%20Muster/Protokoll_3abz_Elastizitaetsmodul_P.pdf?forcedownload=1},
    month        = {3.4.},
    year         = {2018},
}

@Manual{e_modul,
    title     = {Materialdaten {Tabelle} \verb|https://link.springer.com| \verb|/content/pdf/bbm%3A978-3-322-84088-2%2F1.pdf| \verb|23.5.2021|},
    author    = {Springer Verlag},
    timestamp = {2021-05-23},
    url       = {https://link.springer.com/content/pdf/bbm%3A978-3-322-84088-2%2F1.pdf},
}