% Encoding: UTF-8

@Misc{Venkatesan2021,
  author       = {Venkatesan, Naveen},
  date         = {2021-03},
  title        = {Basic {Curve} {Fitting} of {Scientific} {Data} with {Python}},
  language     = {en},
  url          = {https://towardsdatascience.com/basic-curve-fitting-of-scientific-data-with-python-9592244a2509},
  urldate      = {2021-04-12},
  abstract     = {A basic guide to using Python to fit non-linear functions to experimental data points},
  journaltitle = {Medium},
}

@Article{Huebsch2020,
  author       = {Marie-Therese Huebsch and Takuya Nomoto and Michi-To Suzuki and Ryotaro Arita},
  date         = {2020-08},
  journaltitle = {Phys. Rev. X 11, 011031 (2021)},
  title        = {Benchmark for Ab Initio Prediction of Magnetic Structures based on Cluster-Multipole Theory},
  doi          = {10.1103/PhysRevX.11.011031},
  eprint       = {2008.13669},
  eprintclass  = {cond-mat.mtrl-sci},
  eprinttype   = {arXiv},
  abstract     = {The cluster multipole (CMP) expansion for magnetic structures provides a scheme to systematically generate candidate magnetic structures specifically including noncollinear magnetic configurations adapted to the crystal symmetry of a given material. A comparison with the experimental data collected on MAGNDATA shows that the most stable magnetic configurations in nature are linear combinations of only few CMPs. Furthermore, a high-throughput calculation for all candidate magnetic structures is performed in the framework of spin-density functional theory (SDFT). We benchmark the predictive power of CMP+SDFT with $2935$ calculations, which show that (i) the CMP expansion administers an exhaustive list of candidate magnetic structures, (ii) CMP+SDFT can narrow down the possible magnetic configurations to a handful of computed configurations, and (iii) SDFT reproduces the experimental magnetic configurations with an accuracy of $\pm0.5\,\mu_\text{B}$. For a subset the impact of on-site Coulomb repulsion $U$ is investigated by means of $1545$ CMP+SDFT+U calculations revealing no further improvement on the predictive power.},
  file         = {:http\://arxiv.org/pdf/2008.13669v2:PDF},
  keywords     = {cond-mat.mtrl-sci},
}

@Booklet{Kluge2016,
  author       = {Julien Kluge},
  date         = {2016-12},
  title        = {Kurzeinfuehrung in die Fehlerrechnung für das Physik-Praktikum},
  howpublished = {Humboldt-Universitaet zu Berlin},
  location     = {Unter den Linden 610099 Berlin},
  url          = {http://people.physik.hu-berlin.de/~julien/sub/Kurzeinfuerung - Fehlerrechnung MMA.pdf},
}

@Manual{sci_curve_fit,
  title     = {Documentation scipy.optimize.curve_fit},
  url       = {https://docs.scipy.org/doc/scipy/reference/generated/scipy.optimize.curve_fit.html},
  timestamp = {2021-04-10},
}

@Misc{Frost2017,
  author       = {Jim Frost},
  date         = {2017-04},
  title        = {R-squared {Is} {Not} {Valid} for {Nonlinear} {Regression}},
  language     = {en-US},
  url          = {http://statisticsbyjim.com/regression/r-squared-invalid-nonlinear-regression/},
  urldate      = {2021-04-10},
  abstract     = {R-squared is not valid for nonlinear regression. I highlight research that illustrates the consequences of using R-squared in nonlinear regression.},
  journaltitle = {Statistics By Jim},
}

@Misc{Miskovic2021,
  author = {Robert Mišković, Maximilian Philipp, Matthias Stark},
  date   = {2021-03},
  title  = {Bestimmung der Erdbeschleunigung},
}

@Misc{chi_squared,
  title = {Evaluating a model fit with chi-square},
  note  = {https://www.astroml.org/book_figures/chapter4/fig_chi2_eval.html},
  url   = {https://www.astroml.org/book_figures/chapter4/fig_chi2_eval.html},
}

@Booklet{WolfgangKessel2004,
  author = {Wolfgang Kessel, Braunschweig},
  date   = {2004},
  title  = {Die ISO/BIPM-GUM Sicht:Schätzwert \& Messunsicherheit},
}

@Article{Wagner2002,
  author       = {Wagner, W. and Pruß, A.},
  date         = {2002-06},
  journaltitle = {Journal of Physical and Chemical Reference Data},
  title        = {The {IAPWS} {Formulation} 1995 for the {Thermodynamic} {Properties} of {Ordinary} {Water} {Substance} for {General} and {Scientific} {Use}},
  doi          = {10.1063/1.1461829},
  issn         = {0047-2689, 1529-7845},
  language     = {en},
  number       = {2},
  pages        = {387--535},
  url          = {http://aip.scitation.org/doi/10.1063/1.1461829},
  urldate      = {2021-05-08},
  volume       = {31},
}

@InCollection{Roth2016,
  author    = {Roth, Stefan and Stahl, Achim},
  date      = {2016},
  title     = {Hydro- und {Aerostatik}},
  doi       = {10.1007/978-3-662-45304-9_15},
  editor    = {Roth, Stefan and Stahl, Achim},
  isbn      = {9783662453049},
  language  = {de},
  location  = {Berlin, Heidelberg},
  pages     = {313--346},
  publisher = {Springer},
  url       = {https://doi.org/10.1007/978-3-662-45304-9_15},
  urldate   = {2021-05-08},
  abstract  = {In diesem Kapitel beschäftigen wir uns erstmals mit Flüssigkeiten und Gasen und zwar mit ruhenden. Wir führen zunächst den statischen Druck als wesentliche Größe für die Beschreibung ruhender Flüssigkeiten und Gase ein. Danach betrachten wir die elastischen Deformationen und stellen fest, dass von den vielen Deformationen der Festkörper hier nur die Kompression bleibt, die wir einführen und diskutieren. Neben dem äußeren Druck führen wir den Schweredruck ein und erhalten bei der Anwendung auf die Atmosphäre die barometrische Höhenformel. Ein weiteres wichtiges Phänomen ist der Auftrieb, den wir über das archimedische Prinzip besprechen. Zum Schluss des Kapitels diskutieren wir noch Effekte an Grenzflächen wie die Oberflächenspannung, die Haftspannung und die Kapillarität.},
  file      = {:Roth2016 - Hydro Und Aerostatik.pdf:PDF},
}

@Misc{2021Obeflaeche,
  date      = {2021-03},
  title     = {Oberflächenspannung},
  language  = {de},
  note      = {Page Version ID: 209936664},
  url       = {https://de.wikipedia.org/w/index.php?title=OberflC3A4chenspannung&oldid=209936664},
  urldate   = {2021-05-08},
  abstract  = {Die Oberflächenspannung ist die infolge von Molekularkräften auftretende Erscheinung bei Flüssigkeiten, ihre Oberfläche klein zu halten. Die Oberfläche einer Flüssigkeit verhält sich ähnlich einer gespannten, elastischen Folie. Dieser Effekt ist zum Beispiel die Ursache dafür, dass Wasser Tropfen bildet, und trägt dazu bei, dass einige Insekten über das Wasser laufen können oder eine Rasierklinge auf Wasser „schwimmt“.  Die Oberflächenspannung ist also eine Grenzflächenspannung, die zwischen Flüssigkeiten und Gasphasen auftritt. Gemessen wird sie in den SI-Einheiten kg/s2, gleichbedeutend mit N/m.},
  copyright = {Creative Commons Attribution-ShareAlike License},
}

@Misc{2020Fehler,
  date      = {2020-11},
  title     = {Fehlerfortpflanzung},
  language  = {de},
  note      = {Page Version ID: 205827844},
  url       = {https://de.wikipedia.org/w/index.php?title=Fehlerfortpflanzung&oldid=205827844},
  urldate   = {2021-05-08},
  abstract  = {Bei vielen Messaufgaben ist eine Größe nicht direkt messbar, sondern sie ist indirekt aus mehreren messbaren Größen nach einer festgelegten mathematischen Beziehung zu bestimmen. Da jeder Messwert der einzelnen Größen von seinem richtigen Wert abweicht (siehe Messabweichung, ältere Bezeichnung Messfehler), wird auch das Ergebnis der Rechnung von seinem richtigen Wert abweichen. Die einzelnen Abweichungen werden mit der Formel übertragen. Dieses wird Fehlerfortpflanzung genannt. Für diese existieren Rechenregeln, mit denen die Abweichung des Ergebnisses bestimmt oder abgeschätzt werden kann. Seit der Unterscheidung zwischen Messabweichung und Messfehler ist die Bezeichnung Fehlerfortpflanzung als überholt anzusehen. Da sich aber noch kein neuer Ausdruck etabliert hat, wird zur sprachlichen Einheitlichkeit hier noch die Bezeichnung Fehler beibehalten.},
  copyright = {Creative Commons Attribution-ShareAlike License},
}

@Book{Demtroeder2013,
  author     = {Demtröder, Wolfgang},
  date       = {2013},
  title      = {Experimentalphysik. 2: {Elektrizität} und {Optik}},
  edition    = {6., überarbeitete und aktualisierte Auflage},
  isbn       = {9783642299445 9783642299438},
  language   = {ger},
  location   = {Berlin Heidelberg},
  note       = {OCLC: 840599854},
  publisher  = {Springer Spektrum},
  series     = {Springer-{Lehrbuch}},
  shorttitle = {Experimentalphysik. 2},
}

@Misc{2020a,
  date      = {2020-08},
  title     = {Genauigkeitsklasse},
  language  = {de},
  note      = {Page Version ID: 202431191},
  url       = {https://de.wikipedia.org/w/index.php?title=Genauigkeitsklasse&oldid=202431191},
  urldate   = {2021-05-13},
  abstract  = {Die Genauigkeitsklasse eines Messgerätes legt die maximal zu erwartende Abweichung eines Messwertes vom wahren Wert der zu messenden physikalischen Größe fest, soweit die Abweichung durch das Messgerät selbst bedingt ist. Einerseits kann ein Messgerät nicht exakt eingestellt werden; andererseits können sich seine Eigenschaften durch äußere Einflüsse ändern. Mit der Einstufung in eine Genauigkeitsklasse wird ein Qualitätsmerkmal geliefert, in welchem Umfang diese Ursachen zu einer Messabweichung führen dürfen. Normen verwenden den Begriff z. B. für Stromwandler, Wiegesysteme oder direkt wirkende Messgeräte mit Skalenanzeige. Für die weit verbreiteten Strom- und Spannungsmessgeräte mit Ziffernanzeige sind derartige Klassen nicht bekannt; dazu siehe Digitalmultimeter, Messgeräteabweichung, Auflösung (Digitaltechnik).},
  copyright = {Creative Commons Attribution-ShareAlike License},
}

@Misc{2021a,
  date      = {2021-02},
  title     = {Wärmekraftmaschine},
  language  = {de},
  note      = {Page Version ID: 208851862},
  url       = {https://de.wikipedia.org/w/index.php?title=W%C3%A4rmekraftmaschine&oldid=208851862},
  urldate   = {2021-05-13},
  abstract  = {Eine Wärmekraftmaschine ist eine Maschine, die Wärme in mechanische Energie (Arbeit) umwandelt. Sie nutzt dabei das Bestreben der Wärme aus, von Gebieten mit höheren zu solchen mit niedrigeren Temperaturen zu fließen. Beispiele sind Dampfmaschine, Dampfturbine und alle Verbrennungsmotoren. Dagegen wird eine Maschine, die unter Einsatz mechanischer Energie Wärmeenergie von einem niedrigeren Temperaturniveau auf ein höheres transportiert, als Kraftwärmemaschine, Wärmepumpe oder Kältemaschine bezeichnet. Wärmekraftmaschinen nutzen „rechtslaufende“ Kreisprozesse, bei denen die geschlossene Kurve etwa im T-s-Diagramm oder P-v-Diagramm im Sinne „oben nach rechts, unten nach links“ durchlaufen wird. Wärmepumpen nutzen „linkslaufende“ Kreisprozesse. Zur Beurteilung der Effizienz von Kreisprozessen dienen die idealen Vergleichsprozesse. Die theoretische Grundlage dieser Prozesse bildet die thermische Zustandsgleichung idealer Gase mit den drei Gaszustandsgrössen Druck, Temperatur, Volumen und der universellen Gaskonstante.},
  copyright = {Creative Commons Attribution-ShareAlike License},
}

@Article{UIt,
  author       = {UIt, CTT},
  journaltitle = {MARTIN-LUTHER-UNIVERSIT{\"A}T HALLE-WITTENBERG},
  title        = {Spezifische W{\"a}rmekapazit{\"a}t von Fl{\"u}ssigkeiten W 17},
  pages        = {35},
}

@Manual{sci_num_integration,
  title     = {Documentation Integration (scipy.integrate)},
  url       = {https://docs.scipy.org/doc/scipy/reference/tutorial/integrate.html},
  timestamp = {2021-04-10},
}

@Misc{abbevorlage,
  author       = {Harald Ditlbacher},
  date         = {2021-10-08},
  title        = {Abbe Theorie},
  language     = {de},
  location     = {Universitätsplatz 5/I, 8010 Graz,},
  organization = {Karl-Franzens Universität Graz},
}

@Article{Chen2016,
  author       = {Chen, Zhong and Gandhi, Umesh and Lee, Jinwoo and Wagoner, R. H.},
  date         = {2016-01},
  journaltitle = {Journal of Materials Processing Technology},
  title        = {Variation and consistency of {Young}’s modulus in steel},
  doi          = {10.1016/j.jmatprotec.2015.08.024},
  issn         = {0924-0136},
  language     = {en},
  pages        = {227--243},
  url          = {https://www.sciencedirect.com/science/article/pii/S0924013615301011},
  urldate      = {2021-05-17},
  volume       = {227},
  abstract     = {The mechanically-measured Young’s modulus of metals is consistently lower than the physically measured one, particularly after plastic straining. Furthermore, the nominally elastic loading and unloading behavior is not linear; it shows significant curvature and hysteresis. While many reports of this so-called “modulus effect” have appeared, the consistency of the behavior among grades of steel, or within a single grade produced by alternate methods and suppliers, is unknown. That is, there is little information on whether it is necessary for manufacturers to measure and control the mechanical modulus for every coil of steel in order to guarantee accurate simulations, consistent forming, and reliable in-service behavior. In order to address these issues, 12 steels (4 diverse grades: IF, HSLA, DP600, DP980; 3 producers per grade) were subjected to high-precision modulus measurements using mechanical testing, resonant frequency damping analysis, and ultrasonic pulse-echo techniques. All of these measurements show remarkable consistency among not only suppliers but also among grades. The primary determinant of hysteresis/curvature of the stress–strain response was found to be the nominal flow stress of the alloy. Other variations of overall mechanical modulus are minor compared with hysteresis/curvature. The following conclusions were reached: 1) there is no significant difference among suppliers of a single steel grade, 2) there is very little difference between grades of steel, except for that attributable to differing strengths, 3) mechanical unloading and reloading after pre-strain are similar, 4) cyclic loading and unloading cycles have no accumulated effect except through a minor change of flow stress, and 5) the initial loading or unloading modulus is very similar to the physical modulus, but the mechanically measured slope degrades very rapidly as loading or unloading proceeds, and plateaus at even small strain ({\textless}2\%). The measured unloading and reloading behavior is more consistent and reproducible than that during initial loading, and unloading behavior is more consistent and reproducible than reloading behavior. Therefore, it is recommended that unloading after pre-strain is used to represent all of nominally elastic nonlinear behavior most accurately.},
  keywords     = {Steel, Unloading, Reloading, Modulus, Nonlinearity, Resonant frequency, Ultrasonic, Hysteresis},
}

@Manual{cassylab,
  author = {Hund, Michael and Wietzke, Karl-Heinz and Hanschke, Timm},
  date   = {2007-09-21},
  title  = {CASSY® Lab Manual (524 202)},
  url    = {https://www.ld-didactic.de/software/524202.pdf},
}

@Book{Demtroeder2006,
  author     = {Demtröder, Wolfgang},
  date       = {2006-03},
  title      = {Experimentalphysik 1: {Mechanik} und {Wärme}},
  isbn       = {9783540299349},
  language   = {de},
  note       = {Google-Books-ID: 3PoiBAAAQBAJ},
  publisher  = {Springer-Verlag},
  abstract   = {MECHANIK und WÄRME ist der erste von vier Bänden zur Experimentalphysik von Professor Demtröder. Die Lehrinhalte des ersten Semesters Physik werden anschaulich und leicht verständlich, dabei aber möglichst quantitativ präsentiert. Wichtige Definitionen und Formeln, alle Abbildungen und Tabellen wurden zweifarbig gestaltet. Durchgerechnete Beispiele im Text, Kapitelzusammenfassungen sowie Übungsaufgaben mit ausführlichen Lösungen am Schluss des Buches helfen dabei, den Stoff zu bewältigen, und regen zu eigener Mitarbeit an. Farbtafeln zu ausgesuchten Themen tragen zum Spaß an diesem Buch bei. Die vierte Auflage wurde neu bearbeitet und aktualisiert.},
  file       = {Google Books Link:https\://books.google.at/books?id=3PoiBAAAQBAJ:text/html},
  keywords   = {Science / Mechanics / General, Science / Acoustics \& Sound, Science / Mechanics / Thermodynamics, Science / Mechanics / Fluids, Science / Physics / General, Science / Waves \& Wave Mechanics},
  shorttitle = {Experimentalphysik 1},
}

@Manual{glassdichte,
  title        = {Verarbeitungsrichtlinie für Kalk-Natronsilicatglas – hergestellt nach DIN EN 572},
  location     = {Dammühlenweg 60 39340 Haldensleben Germany},
  organization = {Euroglas GmbH},
  url          = {https://www.euroglas.com/uploads/tx_lwproductdatabase/Float Verarbeitungsrichtlinie RVN 20181218-01.pdf},
}

@Manual{soudalBauSchaum,
  date         = {2019-09-24},
  title        = {Building Foam Genius},
  location     = {Olof-Palme-Strasse 13 51371 Leverkusen Deutschland},
  organization = {Soudal N.V. Deutschland},
  pagetotal    = {2},
  url          = {https://www.soudal.de/sites/default/files/soudal_api/document/F0024044_0001.pdf},
}

@Online{extensionalspeedofsound,
  date         = {2004},
  title        = {Speed of Sound in Solids and Metals},
  url          = {https://www.engineeringtoolbox.com/sound-speed-solids-d_713.html},
  organization = {Engineering ToolBox},
  urldate      = {2021-05-31},
  timestamp    = {2021-05-31},
}

@Online{youngrolledstainlesssteel,
  author       = {Esther Mar},
  date         = {2019-03-28},
  title        = {Young’s Modulus (Elastic Modulus, Modulus of Elasticity)},
  url          = {https://www.baileymetalprocessing.com/techmatters/blog-category-1/2019/03/28/young-s-modulus-(elastic-modulus-modulus-of-elasticity)#:~:text=The tensile Young's Modulus of austenitic stainless steels is about,temperature decreases the Young's Modulus.},
  language     = {en},
  organization = {BAILEY METAL PROCESSING LIMITED.},
  urldate      = {2021-05-31},
  timestamp    = {2021-05-31},
}

@Misc{youngaluminiumextra,
  title        = {Properties: {Aluminum} - {Advantages} and {Properties} of {Aluminum}},
  language     = {en},
  url          = {https://www.azom.com/properties.aspx?ArticleID=1446},
  urldate      = {2021-05-31},
  abstract     = {Properties described are light weight, corrosion resistance, electrical and thermal conductivity, reflectivity, ductility, impermeability, odourlessness and recyclability.},
  journaltitle = {AZoM.com},
  shorttitle   = {Properties},
}

@Online{youngaluminium,
  date         = {2003},
  title        = {Young's Modulus - Tensile and Yield Strength for common Materials},
  url          = {https://www.engineeringtoolbox.com/young-modulus-d_417.html},
  organization = {Engineering ToolBox},
  subtitle     = {Mechanical properties of aluminum alloys - tensile strength, yield strength and more},
  urldate      = {2021-05-31},
}

@Online{youngallengineering,
  date         = {2008},
  title        = {Aluminum Alloys - Mechanical Properties},
  url          = {https://www.engineeringtoolbox.com/properties-aluminum-pipe-d_1340.html},
  organization = {Engineering ToolBox},
  subtitle     = {Young's Modulus or Tensile Modulus alt. Modulus of Elasticity - and Ultimate Tensile and Yield Strength for steel, glass, wood and other common materials},
  urldate      = {2021-05-31},
}

@Misc{materialdbcopper,
  title = {Material: Copper – PVD or Electroplated},
  url   = {http://www.mit.edu/~6.777/matprops/copper.htm},
}

@Conference{youngcooper,
  author       = {Kazuki Kammuri and Atsushi Miki and Hiroki Takeuchi},
  title        = {Reliable Young's Modulus Value of High Flexible Treated Rolled Copper Foils Measured by Resonance Method},
  location     = {3 Kurami, Sumakawa, Koza, kanagawa 253-0101 JAPAN},
  organization = {JX Nippon Mining Metals Corporation},
  url          = {https://smtnet.com/library/files/upload/rolled-copper-foils.pdf},
  urldate      = {2021-05-31},
}

@Article{armstrong2009measuring,
  author    = {Armstrong, David EJ and Wilkinson, Angus J and Roberts, Steve G},
  title     = {Measuring anisotropy in Young’s modulus of copper using microcantilever testing},
  number    = {11},
  pages     = {3268--3276},
  volume    = {24},
  journal   = {Journal of materials research},
  publisher = {Springer},
  year      = {2009},
}

@Misc{schallvelocity,
  title        = {Schallgeschwindigkeit},
  language     = {de},
  url          = {https://www.geothermie.de/bibliothek/lexikon-der-geothermie/s/schallgeschwindigkeit.html},
  urldate      = {2021-06-01},
  abstract     = {Geothermie ist nicht nur landschaftsschonend, kohlendioxidarm und nach menschlichem Ermessen unerschöpflich, sondern stellt ihre Energie darüber hinaus zuverlässig, grundlastfähig und zu stabilen Preisen zur Verfügung. Geothermie ist für den Verbraucher immer verfügbar, rund um die Uhr, wetterunabhängig und zu jeder Jahreszeit. Mit den bereits entwickelten Technologien ist es praktisch überall möglich, das Potenzial der Erdwärme zu nutzen: Geothermie ist Energie vor Ort.},
  journaltitle = {Bundesverband Geothermie},
}

@Book{ahrberg2011handbuch,
  author    = {Ahrberg, Rainer and Arndt, Klaus-Dieter and Bahmann, Werner and Barfels, Lutz and Bauer, J{\"u}rgen and Borutzki, Ulrich and B{\"o}ge, Gert and B{\"o}ge, Wolfgang and Heinrich, Berthold and Kemnitz, Arnfried and others},
  date      = {2011},
  title     = {Handbuch Maschinenbau: Grundlagen und Anwendungen der Maschinenbau-Technik},
  isbn      = {978-3-8348-1025-0},
  publisher = {Springer-Verlag},
  address   = {Wiesbaden},
  year      = {2011},
}

@Misc{wiki_aufl_2020,
  date      = {2020-11},
  title     = {Auflösung ({Mikroskopie})},
  language  = {de},
  note      = {Page Version ID: 205537714},
  url       = {https://de.wikipedia.org/w/index.php?title=Aufl%C3%B6sung_(Mikroskopie)&oldid=205537714},
  urldate   = {2021-10-13},
  abstract  = {Unter optischer oder räumlicher Auflösung versteht man in der Mikroskopie den Abstand, den zwei Strukturen mindestens haben müssen, um nach der optischen Abbildung noch als getrennte Bild-Strukturen wahrgenommen zu werden. Dabei wird beispielsweise der zur getrennten Erkennung nötige minimale Abstand zweier punktförmiger Objekte oder der minimale Abstand zwischen Linien in einem optischen Gitter betrachtet. Die erreichbare Auflösung ist in der klassischen Lichtmikroskopie fundamental dadurch begrenzt, dass die das Objekt umgebenden optischen Nahfelder nicht durch das optische System übertragen werden, was manchmal auch als Beugung am freien Raum bezeichnet wird. Dieser minimale Objektabstand wird als Auflösungsgrenze oder Abbe-Limit bezeichnet. Ernst Abbe hat diese Beziehung im 19. Jahrhundert beschrieben. Neuere methodische Ansätze erlauben eine Auflösung deutlich jenseits dieser Grenze, sie werden zusammenfassend als englisch Superresolution Microscopy (deutsch superauflösende Mikroskopie) bezeichnet. Derartige Techniken sind beispielsweise RESOLFT-Mikroskopie mit STED-Mikroskopie, Mikroskopie mit modulierter Beleuchtung (SIM), Photoactivated Localization Microscopy (STORM-Mikroskopie) und optisches Rasternahfeldmikroskop. Es gibt verschiedene Ansätze, die erzielbare Auflösung zu bestimmen. Abbe ging von einem Gitter mit eng beieinander liegenden Linien aus, die von Licht durchstrahlt werden, und berechnete, wie dicht die Linien sein dürfen, so dass sie gerade noch als Linien aufgelöst werden können. Abbe untersuchte beleuchtete (passive) Objekte. John William Strutt, 3. Baron Rayleigh betrachtete punktförmige Lichtquellen. Er beschrieb den Abstand aktiver Objekte, die gerade noch als getrennt zu erkennen waren. Diesem Ansatz verwandt ist die Bestimmung der Halbwertsbreite des mikroskopischen Signals einer punktförmigen Lichtquelle. Alle drei Ansätze führen rechnerisch zu sehr ähnlichen Werten für die Auflösung.Um die theoretisch mögliche Auflösung zu ermöglichen, ist es erforderlich, dass genügend Licht gesammelt wird. Bei Hellfeldmikroskopie ist dies in der Regel unproblematisch. Bei der Fluoreszenzmikroskopie können niedrige Intensitäten in Verbindung mit kurzen Belichtungszeiten dazu führen, dass zu wenige Photonen am Detektor auftreffen und der erreichte Kontrast zur getrennten Erkennung der Strukturen nicht ausreicht. Von der Auflösung zu unterscheiden ist die Nachweisbarkeit und die erreichbare Positionierungsgenauigkeit. Mit Dunkelfeldmikroskopie, besonders der Ultramikroskopie, oder der Fluoreszenzmikroskopie lassen sich noch Partikel nachweisen, deren Größe erheblich unter der Auflösungsgrenze liegt, bei Fluoreszenzmikroskopie bis hinunter zu einzelnen Farbstoffmolekülen. Bei der Positionierungsgenauigkeit geht es darum, die Position einer Oberfläche oder eines Körpers möglichst genau im Raum zu bestimmen. Dazu kann das Helligkeitsmaximum des von einem Körper ausgehenden Lichts bestimmt werden. Dies ist mit einer Genauigkeit im Nanometerbereich möglich. In beiden Fällen unterschreitet die Auflösung jedoch nicht die Auflösungsgrenze: Es ist beispielsweise nicht möglich festzustellen, ob ausgesandtes Licht tatsächlich von einer punktartigen Struktur stammt oder von mehreren nahe beieinander liegenden.},
  copyright = {Creative Commons Attribution-ShareAlike License},
}

@Misc{wiki_rayleigh_2021,
  date      = {2021-04},
  title     = {Rayleigh-{Kriterium}},
  language  = {de},
  note      = {Page Version ID: 211452011},
  url       = {https://de.wikipedia.org/w/index.php?title=Rayleigh-Kriterium&oldid=211452011},
  urldate   = {2021-10-13},
  abstract  = {Das Rayleigh-Kriterium ist eine heuristische Bedingung für den Abstand zweier Lichtquellen, um sie als getrennt erkennen zu können. Nach John William Strutt, 3. Baron Rayleigh, ist dieser Mindestabstand gleich dem Abstand des ersten Minimums vom Zentrum des Beugungsmusters. Durch diesen Bezug ist das Kriterium nur anwendbar, sofern das Auflösungsvermögen durch Beugung begrenzt ist und das Beugungsmuster überhaupt ein Minimum aufweist. Es gibt allgemeiner anwendbare Kriterien.},
  copyright = {Creative Commons Attribution-ShareAlike License},
}

@Misc{wiki_dunkel_2021,
  date      = {2021-08},
  title     = {Dunkelfeldmikroskopie},
  language  = {de},
  note      = {Page Version ID: 214871776},
  url       = {https://de.wikipedia.org/w/index.php?title=Dunkelfeldmikroskopie&oldid=214871776},
  urldate   = {2021-10-13},
  abstract  = {Die Dunkelfeldmikroskopie ist eine bereits seit über 250 Jahren bekannte Variante der Lichtmikroskopie. Sie führt zu einem dunklen Bildhintergrund, vor dem sich die zu beobachtenden Strukturen hell abheben. Dadurch können von durchsichtigen Objekten mit nur sehr geringem Kontrast dennoch gut aufgelöste, kontrastreiche Bilder erzeugt werden, ohne dass eine vorherige Färbung des Präparats erforderlich ist. Auch lebende Objekte sind gut beobachtbar. Bis zur Entwicklung der Phasenkontrastmikroskopie in den 1930er Jahren war die Dunkelfeldmikroskopie die einzige Methode zur Kontrastverstärkung bei ungefärbten Präparaten. In Abgrenzung zur Dunkelfeldmikroskopie wird die Technik der „normalen“ Lichtmikroskopie als Hellfeldmikroskopie bezeichnet. Das Prinzip der Dunkelfeldmikroskopie beruht darauf, dass Objekte Licht nicht nur absorbieren, sondern auch immer einen Teil des Lichtstrahls ablenken. Wenn die Beleuchtung so eingestellt ist, dass die direkten Lichtstrahlen am Objektiv des Mikroskops vorbeigehen, sieht der Betrachter nur das abgelenkte Licht. Eine der Ablenkungsursachen ist die als Tyndall-Effekt bezeichnete Streuung von Licht an kleinen Teilchen, welche beispielsweise auch zu beobachten ist, wenn Licht in einen dunklen Raum fällt und der Staub innerhalb des Lichtstrahls deutlich sichtbar wird. Auch Teilchen, die kleiner sind als die Auflösungsgrenze des Mikroskops, lenken Licht ab und lassen sich daher  mit einem Dunkelfeldmikroskop nachweisen. Manche Eigenschaften wie die Beweglichkeit von Teilchen lassen sich so untersuchen. Diese Anwendung hatte Anfang des 20. Jahrhunderts als Ultramikroskopie größere Bedeutung. Die Beleuchtung des Präparats kann vom Objektiv aus gesehen von hinter dem Präparat erfolgen (Durchlicht) oder von der Objektivseite (Auflicht) oder auch seitlich, wie dies beim Spaltultramikroskop der Fall ist. Durchlicht- und Auflicht-Dunkelfeld sind sowohl in „normalen“ Mikroskopen als auch in Stereomikroskopen möglich.},
  copyright = {Creative Commons Attribution-ShareAlike License},
}

@Book{demtroder2018ex2,
  author    = {Demtröder, Wolfgang},
  date      = {2018-03-23},
  title     = {Experimentalphysik 2},
  isbn      = {978-3-662-55789-1},
  publisher = {Springer-Verlag GmbH},
  url       = {https://www.ebook.de/de/product/31029958/wolfgang_demtroeder_experimentalphysik_2.html},
  ean       = {9783662557891},
  year      = {2018},
}

@Misc{SchweizerAbbe,
  author   = {Stephan Mueller},
  title    = {(6) ** {Abbe} {Optik} {Abbildungstheorie} besser - {YouTube}},
  language = {en},
  url      = {https://www.youtube.com/},
  urldate  = {2021-10-13},
  abstract = {Enjoy the videos and music you love, upload original content, and share it all with friends, family, and the world on YouTube.},
}

@Comment{jabref-meta: databaseType:biblatex;}
